
@misc{owlspace,

author={{OWL-Space},},
title={{CCM Rice University Collaboration and Course Management}},
howpublished={\url{https://owlspace-ccm.rice.edu}},
}

@Misc{crawdad,
  AUTHOR =       {{Community Resource for Archiving Wireless Data At Dartmouth}},
  TITLE =        {http://crawdad.cs.dartmouth.edu/},
}

@Misc{recgdownload,
  AUTHOR =       {{Open-Source Tools and Data from Rice Efficient Computing Group}},
  TITLE =        {http://www.recg.org/downloads.html},
}

@book{riceceee,
	author = {{Rice University}},
	title = {{The Center for Excellence and Equity in Education}},
	publisher = {\url{http://ceee.rice.edu/}},
    year = {2012}
}

@article{Salz:1991,
 author = {Salz, Joel H. and Mirchandaney, Ravi and Crowley, Kay},
 title = {Run-Time Parallelization and Scheduling of Loops},
 journal = {IEEE Trans. Comput.},
 issue_date = {May 1991},
 volume = {40},
 number = {5},
 month = may,
 year = {1991},
 issn = {0018-9340},
 pages = {603--612},
 numpages = {10},
 url = {http://dx.doi.org/10.1109/12.88484},
 doi = {10.1109/12.88484},
 acmid = {104862},
 publisher = {IEEE Computer Society},
 address = {Washington, DC, USA},
 keywords = {Encore Multimax, automatic parallelization, automatic scheduling, compile-time 
 information, concurrently executable loop iterations, do loop, execution time preprocessing, 
 executors, inspector procedures, loop dependency analysis, loop indexes, parallel programming, 
 run-time methods, run-time reordering, scheduling., source code loop structures, symbolic 
 transformation rules, transformed versions, wavefronts},
} 

@inproceedings{Cytron:1989,
 author = {Cytron, R. and Hind, M. and Hsieh, W.},
 title = {Automatic Generation of DAG Parallelism},
 booktitle = {Proceedings of the ACM SIGPLAN 1989 Conference on Programming Language Design and 
 Implementation},
 series = {PLDI '89},
 year = {1989},
 isbn = {0-89791-306-X},
 location = {Portland, Oregon, USA},
 pages = {54--68},
 numpages = {15},
 url = {http://doi.acm.org/10.1145/73141.74823},
 doi = {10.1145/73141.74823},
 acmid = {74823},
 publisher = {ACM},
 address = {New York, NY, USA},
} 
