%%%%%%%%%%
%%%%%%%%%%%%%%%%%%%%%%%%%%%%%%%%%%%%%%%%%%%%%%%%%%%%%%%%%%%%%%%%%%%%%%%%

@article{yao2010resistive,
  title={Resistive Switching in Nanogap Systems on SiO2 Substrates},
  author={Yao, J. and Zhong, L. and Zhang, Z. and He, T. and Jin, Z. and Wheeler, P.J. and Natelson, D. and Tour, J.M.},
  journal={Small},
  volume={14},
  number={24},
  pages={2910},
  year={2010}
}
@article{yao2011intrinsic,
  title={Intrinsic resistive switching and memory effects in silicon oxide},
  author={Yao, J. and Zhong, L. and Natelson, D. and Tour, J.M.},
  journal={Applied Physics A: Materials Science \& Processing},
  pages={1--5},
  year={2011},
  publisher={Springer}
}
@article{yao2010resistive,
  title={Resistive switches and memories from silicon oxide},
  author={Yao, J. and Sun, Z. and Zhong, L. and Natelson, D. and Tour, J.M.},
  journal={Nano letters},
  year={2010},
  publisher={ACS Publications}
}
@article{yao2011silicon,
  title={Silicon Oxide: A Non-innocent Surface for Molecular Electronics and Nanoelectronics Studies},
  author={Yao, J. and Zhong, L. and Natelson, D. and Tour, J.M.},
  journal={Journal of the American Chemical Society},
  year={2011},
  publisher={ACS Publications}
}
@article{yao2008etching,
  title={Etching-dependent reproducible memory switching in vertical SiO structures},
  author={Yao, J. and Zhong, L. and Natelson, D. and Tour, J.M.},
  journal={Applied Physics Letters},
  volume={93},
  pages={253101},
  year={2008}
}

@article{yao2009two,
  title={Two-terminal nonvolatile memories based on single-walled carbon nanotubes},
  author={Yao, J. and Jin, Z. and Zhong, L. and Natelson, D. and Tour, J.M.},
  journal={ACS nano},
  volume={3},
  number={12},
  pages={4122--4126},
  year={2009},
  publisher={ACS Publications}
}

@article{yao2009resistive,
  title={Resistive switching in nanogap systems on SiO2 substrates},
  author={Yao, J. and Zhong, L. and Zhang, Z. and He, T. and Jin, Z. and Wheeler, P.J. and Natelson, D. and Tour, J.M.},
  journal={small},
  volume={5},
  number={24},
  pages={2910--2915},
  year={2009},
  publisher={Wiley Online Library}
}


%%%%%%%%%%%%%%%%%%%%%%%%%%%%%%%%

@inproceedings{zhong1999dynamic,
  title={A dynamic neural network for syllable recognition},
  author={Zhong, L. and Shi, Y. and Liu, R.},
  booktitle={Neural Networks, 1999. IJCNN'99. International Joint Conference on},
  volume={5},
  pages={2997--3001},
  year={1999},
  organization={IEEE}
}

@article{shan2002implementation,
  title={The Implementation of a Practical Chinese Speech Recognition System For The Parcel Post Checking Task},
  author={Shan, Y.X. and Zhang, H.T. and Li, H.S. and ZHONG, L. and ZHANG, J. and LIU, J. and LIU, R.},
  journal={Acta Electronica Sinica},
  volume={30},
  number={4},
  pages={544--547},
  year={2002},
  publisher={CHINESE INSTITUTE OF ELECRONICS BEIJING}
}
@inproceedings{zhong2002iccd,
  title={Register binding based power management for high-level synthesis of control-flow intensive behaviors},
  author={Zhong, L. and Luo, J. and Fei, Y. and Jha, N.K.},
  booktitle={Computer Design: VLSI in Computers and Processors, 2002. Proceedings. 2002 IEEE International Conference on},
  pages={391--394},
  year={2002},
  organization={IEEE}
}



@inproceedings{zhong2002iccad,
  title={Interconnect-aware high-level synthesis for low power},
  author={Zhong, L. and Jha, N.K.},
  booktitle=ICCAD,
  pages={110--117},
  year={2002},
  organization={IEEE}
}

@inproceedings{zhong2003cases,
  title={Graphical user interface energy characterization for handheld computers},
  author={Zhong, L. and Jha, N.K.},
  booktitle=CASES,
  pages={232--242},
  year={2003},
  organization={ACM}
}

@inproceedings{gupta2003iccad,
  title={A high-level interconnect power model for design space exploration},
  author={Gupta, P. and Zhong, L. and Jha, N.K.},
  booktitle=ICCAD,
  year={2003},
 }
@inproceedings{wang03glsvlsi,
  title={A comprehensive high-level synthesis system for control-flow intensive behaviors},
  author={Wang, W. and Tan, TK and Luo, J. and Fei, Y. and Shang, L. and Vallerio, KS and Zhong, L. and Raghunathan, A. and Jha, NK},
  booktitle=GLSVLSI,
  pages={11--14},
  year={2003},
}

%%%% 2004

@inproceedings{zhong2004iccad,
  title={Power estimation for cycle-accurate functional descriptions of hardware},
  author={Zhong, L. and Ravi, S. and Raghunathan, A. and Jha, N.K.},
  booktitle=ICCAD,
  pages={668--675},
  year={2004},
  organization={IEEE Computer Society}
}
@inproceedings{zhong2004vlsi,
  title={Dynamic power optimization of interactive systems},
  author={Zhong, L. and Jha, N.K.},
  booktitle={Proc. Int. Conf. VLSI Design},
  pages={1041--1047},
  year={2004},
}

@inproceedings{zhang2004date,
  title={Synthesis and optimization of threshold logic networks with application to nanotechnologies},
  author={Zhang, R. and Gupta, P. and Zhong, L. and Jha, N.K.},
  booktitle={Proc. Design, Automation and Test in Europe Conference and Exhibition},
  volume={2},
  pages={904--909},
  year={2004},
  organization={IEEE}
}


@article{luo2004tcad,
  title={Register binding-based RTL power management for control-flow intensive designs},
  author={Luo, J. and Zhong, L. and Fei, Y. and Jha, N.K.},
  journal={IEEE Trans. Computer-Aided Design of Integrated Circuits and Systems},
  volume={23},
  number={8},
  pages={1175--1183},
  year={2004},
  publisher={IEEE}
}

@inproceedings{fei2004mascots,
  title={An energy-aware framework for coordinated dynamic software management in mobile computers},
  author={Fei, Y. and Zhong, L. and Jha, N.K.},
  booktitle=MASCOTS,
  pages={306--317},
  year={2004},
}

%%% 2005 %%%%%%%%%%%%%%%%
@inproceedings{zhong05mobilehci,
  title={A personal-area network of low-power wireless interfacing devices for handhelds: system and hardware design},
  author={Zhong, L. and Sinclair, M. and Jha, N.K.},
  booktitle={Proceedings of the 7th international conference on Human computer interaction with mobile devices \& services},
  pages={251--254},
  year={2005},
  organization={ACM}
}

@inproceedings{zhong05mobisys,
  title={Energy efficiency of handheld computer interfaces: limits, characterization and practice},
  author={Zhong, L. and Jha, N.K.},
  booktitle={Proceedings of the 3rd international conference on Mobile systems, applications, and services},
  pages={247--260},
  year={2005},
  organization={ACM}
}

@inproceedings{yan2005dac,
  title={User-perceived latency driven voltage scaling for interactive applications},
  author={Yan, L. and Zhong, L. and Jha, N.K.},
  booktitle=DAC,
  pages={624--627},
  year={2005},
  organization={ACM}
}

@article{zhang2005tcad,
  title={Threshold network synthesis and optimization and its application to nanotechnologies},
  author={Zhang, R. and Gupta, P. and Zhong, L. and Jha, N.K.},
  journal=TCAD,
  volume={24},
  number={1},
  pages={107--118},
  year={2005},
}

@article{zhong2005tcad,
  title={Interconnect-aware low-power high-level synthesis},
  author={Zhong, L. and Jha, N.K.},
  journal=TCAD,
  volume={24},
  number={3},
  pages={336--351},
  year={2005},
}

@phdthesis{zhong2005dissertation,
  title={Energy-efficient Mobile System Design: The User's Perspective},
  author={Zhong, L.},
  year={2005},
  school={Princeton University}
}

@inproceedings{yan2005mascots,
  title={Towards a responsive, yet power-efficient, operating system: A holistic approach},
  author={Yan, L. and Zhong, L. and Jha, N.K.},
  booktitle=MASCOTS,
  pages={249--257},
  year={2005},
}

%%%%%%%%%% 2006 %%%%%%%%%%%
@inproceedings{zhong2006dac,
  title={SMERT: energy-efficient design of a multimedia messaging system for mobile devices},
  author={Zhong, L. and Wei, B. and Sinclair, M.J.},
  booktitle=DAC,
  pages={586--591},
  year={2006},
}


@article{zhong2006tmc,
  title={Dynamic power optimization targeting user delays in interactive systems},
  author={Zhong, L. and Jha, N.K.},
  journal=TMC,
  volume={5},
  number={11},
  pages={1473--1488},
  year={2006},
}

@inproceedings{zhong2006bsn,
  title={A phone-centered body sensor network platform cost, energy efficiency \& user interface},
  author={Zhong, L. and Sinclair, M. and Bittner, R.},
  booktitle=BSN,
  pages={4--pp},
  year={2006},
}

@article{vallerio2006tmc,
  title={Energy-efficient graphical user interface design},
  author={Vallerio, K.S. and Zhong, L. and Jha, N.K.},
  journal=TMC,
  volume={5},
  number={7},
  pages={846--859},
  year={2006},
}

%%% 2007 %%%%%

@inproceedings{rahmati2007dsn,
  title={Reliability techniques for RFID-based object tracking applications},
  author={Rahmati, A. and Zhong, L. and Hiltunen, M. and Jana, R.},
  booktitle=DSN,
  pages={113--118},
  year={2007},
}

@inproceedings{rahmati2007mobilehci,
 author = {Ahmad Rahmati and Angela Qian and Lin Zhong},
 title = {Understanding human-battery interaction on mobile phones},
 booktitle = MOBILEHCI,
 year = {2007},
 }

@inproceedings{rahmati2007mobisys,
 author = {Rahmati, Ahmad and Zhong, Lin},
 title = {Context-for-wireless: context-sensitive energy-efficient wireless data transfer},
 booktitle = MOBISYS,
 year = {2007},
}

@article{rahmati2007mobieval,
  title={Lessons learned from field trials with advanced windows mobile phones},
  author={Rahmati, A. and Zhong, L.},
  journal={Proc. Int. Wrkshp. System evaluation for mobile platforms},
  year={2007},

}


@inproceedings{zhou2007islped,
  title={Power signal processing: a new perspective for power analysis and optimization},
  author={Zhou, Q. and Zhong, L. and Mohanram, K.},
  booktitle=ISLPED,
  pages={165--170},
  year={2007},
}

@inproceedings{banerjee2007ubicomp,
  title={Users and batteries: Interactions and adaptive energy management in mobile systems},
  author={Banerjee, N. and Rahmati, A. and Corner, M. and Rollins, S. and Zhong, L.},
  booktitle=UBICOMP,
  pages={217--234},
  year={2007},
  }

@inproceedings{rahmati2007mobility,
  title={Usability evaluation of a commercial Pocket PC phone: A pilot study},
  author={Rahmati, A. and Zhong, L.},
  booktitle={Proceedings of the 4th international conference on mobile technology, applications, and systems and the 1st international symposium on Computer human interaction in mobile technology},
  pages={520--523},
  year={2007},
}

@inproceedings{zhong2007bodynets,
  title={OsteoConduct: Wireless body-area communication based on bone conduction},
  author={Zhong, L. and El-Daye, D. and Kaufman, B. and Tobaoda, N. and Mohamed, T. and Liebschner, M.},
  booktitle={Proceedings of the ICST 2nd international conference on Body area networks},
  pages={9},
  year={2007},
}
@inproceedings{yan2007bodynets,
  title={Energy comparison and optimization of wireless body-area network technologies},
  author={Yan, L. and Zhong, L. and Jha, N.K.},
  booktitle={Proceedings of the ICST 2nd international conference on Body area networks},
  pages={8},
  year={2007},
}

%%%% 2008 %%%%%
@article{fei2008tecs,
  title={An energy-aware framework for dynamic software management in mobile computing systems},
  author={Fei, Y. and Zhong, L. and Jha, N.K.},
  journal={ACM Transactions on Embedded Computing Systems (TECS)},
  volume={7},
  number={3},
  pages={27},
  year={2008},
  publisher={ACM}
}

@inproceedings{dong2008nano,
  title={Challenges to crossbar integration of nanoscale two-terminal symmetric memory devices},
  author={Dong, M. and Zhong, L.},
  booktitle={Proc. 8th IEEE Conference on Nanotechnology},
  pages={692--694},
  year={2008},
  organization={IEEE}
}

@inproceedings{dong2008date,
  title={Logic synthesis with nanowire crossbar: reality check and standard cell-based integration},
  author={Dong, M. and Zhong, L.},
  booktitle=DATE,
  pages={268--271},
  year={2008},
}
@inproceedings{liu2008mobisys,
  title={Micro power management of active 802.11 interfaces},
  author={Liu, J. and Zhong, L.},
  booktitle=MOBISYS,
  pages={146--159},
  year={2008},
}
@inproceedings{hong2008multimedia,
  title={SenseCoding: accelerometer-assisted motion estimation for efficient video encoding},
  author={Hong, G. and Rahmati, A. and Wang, Y. and Zhong, L.},
  booktitle={Proc. ACM Int. Conf. on Multimedia},
  pages={749--752},
  year={2008},
}
@article{liu2008uwave,
  title={{uWave}: Accelerometer-based personalized gesture recognition},
  author={Liu, J. and Wang, Z. and Zhong, L. and Wickramasuriya, J. and Vasudevan, V.},
  journal={TR0630-08, Rice University and Motorola Labs, Houston, Texas},
  year={2008}
}

%%%%%% 2009 %%%%%%%%%%%%%
@article{rahmati2009pmc,
  title={Human-battery interaction on mobile phones},
  author={Rahmati, A. and Zhong, L.},
  journal={Pervasive and Mobile Computing},
  volume={5},
  number={5},
  pages={465--477},
  year={2009},
  publisher={Elsevier}
}

@inproceedings{ma2009hotpower,
  title={Statistical power consumption analysis and modeling for gpu-based computing},
  author={Ma, X. and Dong, M. and Zhong, L. and Deng, Z.},
  booktitle={Proceeding of ACM SOSP Workshop on Power Aware Computing and Systems (HotPower)},
  year={2009}
}

@inproceedings{so2009demo,
  title={Demo abstract: Laser-based trace-gas chemical sensors for distributed wireless sensor networks},
  author={So, S. and Sani, A.A. and Zhong, L. and Wysocki, G. and others},
  booktitle={Proc. IEEE. Int. Conf. Information Processing in Sensor Networks (IPSN)},
  pages={427--428},
  year={2009},
  organization={IEEE}
}


@inproceedings{liu2009percom,
 author = {Liu, Jiayang and Wang, Zhen and Zhong, Lin and Wickramasuriya, Jehan and Vasudevan, Venu},
 title = {{uWave}: Accelerometer-based personalized gesture recognition and its applications},
 booktitle = PERCOM,
 year = {2009},
}
@inproceedings{rahmati2009percom,
  title={{NoShake}: Content Stabilization for Shaking Screens},
  author={Rahmati, A. and Shepard, C. and Zhong, L.},
  booktitle=PERCOM,
  year={2009}
}


@article{liu2009pmc,
  title={{uWave}: Accelerometer-based personalized gesture recognition and its applications},
  author={Liu, J. and Zhong, L. and Wickramasuriya, J. and Vasudevan, V.},
  journal={Pervasive and Mobile Computing},
  volume={5},
  number={6},
  pages={657--675},
  year={2009},
  publisher={Elsevier}
}

@inproceedings{dong2009islped,
 author = {Dong, Mian and Choi, Yung-Seok Kevin and Zhong, Lin},
 title = {Power-saving color transformation of mobile graphical user interfaces on OLED-based displays},
 booktitle =ISLPED,
 year = {2009},
 location = {San Fancisco, CA, USA},
 pages = {339--342},
}

@inproceedings{dong2009dac,
 author = {Dong, Mian and Choi, Yung-Seok Kevin and Zhong, Lin},
 title = {Power modeling of graphical user interfaces on OLED displays},
 booktitle = DAC,
 year = {2009},
 location = {San Francisco, California},
 pages = {652--657},
}

@article{dong2009tvlsi,
  title={Nanowire crossbar logic and standard cell-based integration},
  author={Dong, M. and Zhong, L.},
  journal={IEEE Transactions on Very Large Scale Integration (VLSI) Systems},
  volume={17},
  number={8},
  pages={997--1007},
  year={2009},
}

@inproceedings{li2009infocom,
  title={Drowsy transmission: Physical layer energy optimization for transmitting random packet traffic},
  author={Li, H. and Zhong, L. and Zheng, K.},
  booktitle=INFOCOM,
  pages={2365--2373},
  year={2009},
}

@inproceedings{so2009essa,
  title={Laser spectroscopic trace-gas sensor networks for atmospheric monitoring applications},
  author={So, S. and Sani, A.A. and Zhong, L. and Tittel, F. and Wysocki, G.},
  journal={Proc. IEEE Workshop on Sensor Networks for Earth and Space Science Applications},
  year={2009}
}
@inproceedings{yu2009islped,
  title={Adaptive RF chain management for energy-efficient spatial-multiplexing MIMO transmission},
  author={Yu, H. and Zhong, L. and Sabharwal, A.},
  booktitle=ISLPED,
  pages={401--406},
  year={2009},
}

@inproceedings{liu2009mobilehci,
  title={User evaluation of lightweight user authentication with a single tri-axis accelerometer},
  author={Liu, J. and Zhong, L. and Wickramasuriya, J. and Vasudevan, V.},
  booktitle=MOBILEHCI,
  year={2009},
}

@inproceedings{liu2009mobisys,
  title={xShare: supporting impromptu sharing of mobile phones},
  author={Liu, Y. and Rahmati, A. and Huang, Y. and Jang, H. and Zhong, L. and Zhang, Y. and Zhang, S.},
  booktitle=MOBISYS,
  pages={15--28},
  year={2009},
  organization={ACM}
}

@inproceedings{chen2009multimedia,
  title={SaVE: sensor-assisted motion estimation for efficient h. 264/AVC video encoding},
  author={Chen, X. and Zhao, Z. and Rahmati, A. and Wang, Y. and Zhong, L.},
  booktitle={Proc. ACM Int. Conf. Multimedia},
  pages={381--390},
  year={2009},
}


%%%%% 2010 %%%%%%%%%%%%%%

@inproceedings{amirisani2010mobicom,
 author = {Amiri Sani, Ardalan and Zhong, Lin and Sabharwal, Ashutosh},
 title = {Directional antenna diversity for mobile devices: characterizations and solutions},
 booktitle = MOBICOM,
 year = {2010},
 location = {Chicago, Illinois, USA},
 pages = {221--232},
 }

@inproceedings{amirisani2010islped,
  title={Power-efficient directional wireless communication on small form-factor mobile devices},
  author={Amiri Sani, A. and Dumanli, H. and Zhong, L. and Sabharwal, A.},
  booktitle=ISLPED,
  pages={283--288},
  year={2010},
}

}

@article{yu2010mobicom,
  title={BeamAdapt: energy efficient beamsteering on mobile devices},
  author={Yu, H. and Zhong, L. and Sabharwal, A.},
  journal={ACM SIGMOBILE Mobile Computing and Communications Review},
  volume={14},
  number={3},
  pages={16--18},
  year={2010},
}


@article{rahmati2010longitudinal,
  title={A longitudinal study of non-voice mobile phone usage by teens from an underserved urban community},
  author={Rahmati, A. and Zhong, L.},
  journal={Arxiv preprint arXiv:1012.2832},
  year={2010}
}

@article{zhong2006rtl,
  title={RTL-aware cycle-accurate functional power estimation},
  author={Zhong, L. and Ravi, S. and Raghunathan, A. and Jha, N.K.},
  journal=TCAD,
  volume={25},
  number={10},
  pages={2103--2117},
  year={2006},
}


@article{tossell2010hfes,
  title={Assessing the Performance of Common Tasks on Handheld Mobile Computers},
  author={Tossell, C.C. and Kortum, P.T. and Shepard, C.W. and Rahmati, A. and Zhong, L.},
  journal={Proceedings of the Human Factors and Ergonomics Society Annual Meeting},
  volume={54},
  number={5},
  pages={542--546},
  year={2010},
  publisher={SAGE Publications}
}

@article{dong2010hotmobile,
  title={Chameleon: Color Transformation on OLED Displays},
  author={Dong, M. and Zhong, L.},
  journal={Demonstration in The Eleventh Workshop on Mobile Computing Systems and Applications (HotMobile) Annapolis, MD, USA},
  year={2010}
}


@inproceedings{rahmati2010hotmobile,
  title={Enabling pervasive mobile applications with the {FM} radio broadcast data system},
  author={Rahmati, A. and Zhong, L. and Vasudevan, V. and Wickramasuriya, J. and Stewart, D.},
  booktitle=HOTMOBILE,
  pages={78--83},
  year={2010},
}

@inproceedings{lin2010wirelesshealth,
  title={Dandelion: a framework for transparently programming phone-centered wireless body sensor applications for health},
  author={Lin, F.X. and Rahmati, A. and Zhong, L.},
  booktitle={Proc. ACM Wireless Health},
  pages={74--83},
  year={2010},
}

@techreport{lin2010reflex,
  title={Reflex: managing sensor data processing in mobile systems},
  author={Lin, X. and Zhong, L.},
  year={2010},
  institution={Technical Report 0315-2010, Rice University}
}
@article{rahmati2010seamless,
  title={Seamless Flow Migration on Smartphones without Network Support},
  author={Rahmati, A. and Shepard, C. and Tossell, C. and Nicoara, A. and Zhong, L. and Kortum, P. and Singh, J.},
  journal={Arxiv preprint arXiv:1012.3071},
  year={2010}
}
@article{liu2010tmc,
  title={Design, Realization, and Evaluation of xShare for Impromptu Sharing of Mobile Phones},
  author={Liu, Y. and Rahmati, A. and Jang, H. and Huang, Y. and Zhong, L. and Zhang, Y. and Zhang, S.},
  journal=TMC,
  volume={9},
  number={12},
  pages={1682--1696},
  year={2010},
}
%%%%%%%% 2011 %%%%%%%%%%%%%%%%%
@article{rahmati2011tmc,
  title={Context-based network estimation for energy-efficient ubiquitous wireless connectivity},
  author={Rahmati, A. and Zhong, L.},
  journal=TMC,
  volume={10},
  number={1},
  pages={54--66},
  year={2011},
}

@inproceedings{dong2011mobisysb,
  title={Self-constructive high-rate system energy modeling for battery-powered mobile systems},
  author={Dong, M. and Zhong, L.},
  booktitle=MOBISYS,
  pages={335--348},
  year={2011},
}
@inproceedings{dong2011mobisysdemo2,
  title={Demo: sesame: self-constructive system energy modeling for battery-powered mobile systems},
  author={Dong, M. and Zhong, L.},
  booktitle=MOBISYS,
  pages={373--374},
  year={2011},
}

@article{lin2011reflex,
  title={Transparent Programming of Heterogeneous Smartphones for Sensing},
  author={Lin, F.X. and Wang, Z. and LiKamWa, R. and Zhong, L.},
  journal={Arxiv preprint arXiv:1103.2348},
  year={2011}
}

@article{tossell2011hfes,
  title={Effects of Socioeconomic diversity on iPod Touch Device Use in Real-World Environments},
  author={Tossell, C.C. and Jardina, J.R. and Kortum, P.T. and Peres, S.C. and Shepard, C.W. and Rahmati, A. and Zhong, L.},
  journal={Proceedings of the Human Factors and Ergonomics Society Annual Meeting},
  volume={55},
  number={1},
  pages={1293--1297},
  year={2011},
  publisher={SAGE Publications}
}

@article{amirisani2011opportunistic,
  title={Opportunistic Content Search of Smartphone Photos},
  author={Amiri Sani, A. and Richter, W. and Bao, X. and Narayan, T. and Satyanarayanan, M. and Zhong, L. and Choudhury, R.R.},
  journal={Arxiv preprint arXiv:1106.5568},
  year={2011}
}

@article{rahmati2011tales,
  title={Tales of 34 iPhone Users: How they change and why they are different},
  author={Rahmati, A. and Shepard, C. and Tossell, C. and Dong, M. and Wang, Z. and Zhong, L. and Kortum, P.},
  journal={Arxiv preprint arXiv:1106.5100},
  year={2011}
}

@inproceedings{bao2011case,
  title={The Case for Context-Aware Compression},
  author={Bao, X. and Sani, T.N.A.A. and Richter, W. and Choudhury, R.R. and Zhong, L. and Satyanarayanan, M.},
  booktitle=HOTMOBILE,
  year={2011},

}


@article{chen2011tcasvt,
  title={Sensor-Assisted Video Encoding for Mobile Devices in Real-World Environments},
  author={Chen, X. and Zhao, Z. and Rahmati, A. and Wang, Y. and Zhong, L.},
  journal={IEEE Trans. Circuits and Systems for Video Technology},
  volume={21},
  number={3},
  pages={335--349},
  year={2011},
}

@inproceedings{wang2011s3,
  title={How effective is mobile browser cache?},
  author={Wang, Z. and Lin, F.X. and Zhong, L. and Chishtie, M.},
  booktitle={Proc.  ACM Wrkshp Wireless of the Students, by the Students, for the Students},
  pages={17--20},
  year={2011},
}


@inproceedings{wang2011hotmobile,
 author = {Wang, Zhen and Lin, Felix Xiaozhu and Zhong, Lin and Chishtie, Mansoor},
 title = {Why are web browsers slow on smartphones?},
 booktitle = HOTMOBILE,
 year = {2011},
 location = {Phoenix, Arizona},
 pages = {91--96},
} 


@inproceedings{dong2011mobisysa,
  title={Chameleon: a color-adaptive web browser for mobile OLED displays},
  author={Dong, M. and Zhong, L.},
  booktitle=MOBISYS,
  year={2011},
}

@inproceedings{dong2011mobisysdemo1,
  title={Demo: chameleon: a color-adaptive web browser for mobile OLED displays},
  author={Dong, M. and Zhong, L.},
  booktitle=MOBISYS,
  pages={375--376},
  year={2011},
}



@inproceedings{likamwa2011phonesense,
  title={Can Your Smartphone Infer Your Mood?},
  author={LiKamWa, R. and Liu, Y. and Lane, N.D. and Zhong, L.},
  booktitle={Proc. ACM Workshop PhoneSense, co-located with SenSys},
  year ={2011}
}


@article{rahmati2011mccr,
  title={Mobile TCP usage characteristics and the feasibility of network migration without infrastructure support},
  author={Rahmati, A. and Shepard, C. and Nicoara, A. and Zhong, L. and Singh, J.P.},
  journal={ACM SIGMOBILE Mobile Computing and Communications Review},
  volume={14},
  number={4},
  pages={10--12},
  year={2011},
}


@inproceedings{yu2011ubicomp,
  title={Data broadcasting using mobile {FM} radio: design, realization and application},
  author={Yu, H. and Rahmati, A. and Sani, A.A. and Zhong, L. and Wickramasuriya, J. and Vasudevan, V.},
  booktitle=UBICOMP,
  pages={247--256},
  year={2011},
}


@inproceedings{yu2011mobicom,
  title={Beamforming on mobile devices: a first study},
  author={Yu, H. and Zhong, L. and Sabharwal, A. and Kao, D.},
  booktitle=MOBICOM,
  pages={265--276},
  year={2011},
}

@article{zhao2011human,
  title={Human as Real-Time Sensors of Social and Physical Events: A Case Study of Twitter and Sports Games},
  author={Zhao, S. and Zhong, L. and Wickramasuriya, J. and Vasudevan, V.},
  journal={Arxiv preprint arXiv:1106.4300},
  year={2011}
}


@article{lin2011reflex,
  title={Transparent Programming of Heterogeneous Smartphones for Sensing},
  author={Xiaozhu Lin, F. and Wang, Z. and LiKamWa, R. and Zhong, L.},
  year={2011}
}

@inproceedings{likamwa2011uist,
  title={SUAVE: sensor-based user-aware viewing enhancement for mobile device displays},
  author={LiKamWa, R. and Zhong, L.},
  booktitle=UIST,
  pages={5--6},
  year={2011},
}


@article{shepard2010hotmetrics,
  title={LiveLab: measuring wireless networks and smartphone users in the field},
  author={Shepard, C. and Rahmati, A. and Tossell, C. and Zhong, L. and Kortum, P.},
  journal={ACM SIGMETRICS Performance Evaluation Review},
  volume={38},
  number={3},
  pages={15--20},
  year={2010},
}

@article{zhao2011human-repeated,
  title={Human as real-time sensors of social and physical events: A case study of {Twitter} and sports games},
  author={Zhao, Siqi and Zhong, Lin and Wickramasuriya, Jehan and Vasudevan, Venu},
  journal={arXiv preprint arXiv:1106.4300},
  year={2011},
}
%%% 2012 %%%%%%%
@article{rahmati2012practical,
  title={Practical Context Awareness: Measuring and Utilizing the Context Dependency of Mobile Usage},
  author={Rahmati, A. and Shepard, C. and Tossell, C. and Zhong, L. and Kortum, P.},
  journal={arXiv preprint arXiv:1209.0490},
  year={2012},
}

@inproceedings{wang2012www,
 author = {Wang, Zhen and Lin, Felix Xiaozhu and Zhong, Lin and Chishtie, Mansoor},
 title = {How far can client-only solutions go for mobile browser speed?},
 booktitle = WWW,
 year = {2012},
} 


@article{tossell2012chb,
title = "A longitudinal study of emoticon use in text messaging from smartphones",
journal = "Computers in Human Behavior",
author = "Chad C. Tossell and Philip Kortum and Clayton Shepard and Laura H. Barg-Walkow and Ahmad Rahmati and Lin Zhong",
year = {2012},
}

@article{dong2012tmc,
  title={Power modeling and optimization for OLED displays},
  author={Dong, M. and Zhong, L.},
  journal=TMC,
  year={2012},
}
@article{yu2012tvlsi,
  title={Power Management of MIMO Network Interfaces on Mobile Systems},
  author={Yu, H. and Zhong, L. and Sabharwal, A.},
  journal={IEEE Trans. VLSI},
  year = {2012}
}

@inproceedings{shepard2012mobicom,
 author = {Shepard, Clayton and Yu, Hang and Anand, Narendra and Li, Erran and Marzetta, Thomas and Yang, Richard and Zhong, Lin},
 title = {Argos: practical many-antenna base stations},
 booktitle = MOBICOM,
 year = {2012},
 pages = {53--64},
 }
 
@inproceedings{lin2012asplos,
  title={Reflex: using low-power processors in smartphones without knowing them},
  author={Lin, Felix Xiaozhu and Wang, Zhen and LiKamWa, Robert and Zhong, Lin},
  booktitle=ASPLOS,
  pages={13--24},
  year={2012},
  organization={ACM}
}

@inproceedings{rahmati2012mobilehci,
  title={Exploring iPhone usage: the influence of socioeconomic differences on smartphone adoption, usage and usability},
  author={Rahmati, Ahmad and Tossell, Chad and Shepard, Clayton and Kortum, Philip and Zhong, Lin},
  booktitle=MOBILEHCI,
  pages={11--20},
  year={2012},
}

@inproceedings{bahl2012mcs,
  title={Vision: cloud-powered sight for all: showing the cloud what you see},
  author={Bahl, Paramvir and Philipose, Matthai and Zhong, Lin},
  booktitle={Proc. ACM Workshop on Mobile Cloud Computing \& Services},
  pages={53--60},
  year={2012},
}

@inproceedings{lin2012hotpower,
  title={Supporting distributed execution of smartphone workloads on loosely coupled heterogeneous processors},
  author={Lin, Felix Xiaozhu and Wang, Zhen and Zhong, Lin},
  booktitle=HOTPOWER,
  year={2012}
 }

@inproceedings{dong2012iccad,
  title={System energy consumption is a multi-player game},
  author={Dong, Mian and Lan, Tian and Zhong, Lin},
  booktitle=ICCAD,
  year={2012},
}

@article{zhao2012sportsense,
  title={{SportSense}: Real-Time Detection of {NFL} Game Events from {Twitter}},
  author={Zhao, Siqi and Zhong, Lin and Wickramasuriya, Jehan and Vasudevan, Venu and LiKamWa, Robert and Rahmati, Ahmad},
  journal={arXiv preprint arXiv:1205.3212},
  year={2012}
}
%%%%%% 2013

@article{rahmati2013tmc,
  title={Studying Smartphone Usage: Lessons from a Four-Month Field Study},
  author={Rahmati, Ahmad and Zhong, Lin},
  year={2013},
  journal=TMC,
  publisher={IEEE}
}


@inproceedings{likamwa2013mobisysb,
  title={MoodScope: Building a Mood Sensor from Smartphone Usage Patterns},
  author={LiKamWa, Robert and Yunxin Liu and Nicolas D. Lane and Lin Zhong},
  year={2013},
 booktitle=MOBISYS,
 }

@inproceedings{likamwa2013mobisysa,
  title={Energy characterization and optimization of image sensing toward continuous mobile vision},
  author={Robert LiKamWa and Bodhi Priyantha and Matthai Philipose and Lin Zhong and Paramvir Bahl},
  year={2013},
 booktitle=MOBISYS,
 }

@inproceedings{shepard2013mobicom,
  title={ArgosV2: a flexible many-antenna research platform},
  author={Shepard, Clayton and Yu, Hang and Zhong, Lin},
  booktitle={Demonstration Abstract: Proc. ACM Int. Mobile Computing \& Networking},
  pages={163--166},
  year={2013},
}

@inproceedings{shepard2013cellnet,
  title={Practical Performance of MU-MIMO Precoding in Many-Antenna Base Stations},
  author={Shepard, Clayton and Anand, Narendra and Zhong, Lin},
  booktitle={Proc. ACM CellNet Workshop},
  year={2013},
}

@techreport{amirisani2013rio,
  title={Rio: An system solution for sharing {I/O} between mobile systems},
  author={Ardalan {Amiri Sani} and Kevin Boos and {Min Hong} Yun and Lin Zhong},
  year={2013},
  institution={Technical Report 2013-12-7, Rice University}
}

@inproceedings{dong2013sigmetrics,
  title={How does energy accounting matter for energy management?},
  author={Dong, Mian and Lan, Tian and Zhong, Lin},
  booktitle={Proc. ACM {SIGMETRICS}},
  year={2013},
  organization={ACM}
}

@inproceedings{vasudevan2013twitter,
  title={Is {Twitter} a good enough social sensor for sports {TV}?},
  author={Vasudevan, Venu and Wickramasuriya, Jehan and Zhao, Siqi and Zhong, Lin},
  booktitle={IEEE Int. Conf. Pervasive Computing and Communications Workshops (PERCOM Workshops)},
  pages={181--186},
  year={2013},
}

%%% 2014

@article{rahmati2014tmc,
  title={Seamless {TCP} migration on smartphones without network support},
  author={Rahmati, Ahmad and Shepard, Clayton and Tossell, Chad and Zhong, Lin and Kortum, Philip and Nicoara, Angela and Singh, Jatinder},
  month={March},
  year={2014},
  journal=TMC
}


@inproceedings{xu2014apsys,
  title={Device drivers should not do power management},
  author={Xu, Chao and Lin, Felix Xiaozhu and Zhong, Lin},
  booktitle={Proc. ACM Asia-Pacific Workshop on Systems (APSYS)},
  year={2014},
}

@inproceedings{lin2014asplos,
  title={K2: A mobile operating system for heterogeneous coherence domains},
  author={Lin, Felix Xiaozhu and Wang, Zhen and Zhong, Lin},
  booktitle=ASPLOS,
  year={2014},
}

@inproceedings{amirisani2014asplos,
  title={{I/O} paravirtualization at the device file boundary},
  author={Ardalan {Amiri Sani} and Kevin Boos and Shaopu Qin and Lin Zhong},
  booktitle=ASPLOS,
  year={2014},
}

@inproceedings{amirisani2014mobisys,
title={Rio: a system solution for sharing {I/O} between mobile systems},
author ={Ardalan {Amiri Sani} and Kevin Boos and Min Hong Yun and Lin Zhong},
booktitle=MOBISYS,
month={June},
year={2014},
}

@inproceedings{dong2014mobicom,
  title={Rethink energy accounting with cooperative game theory},
  author={Dong, Mian and Lan, Tian and Zhong, Lin},
  booktitle=MOBICOM,
  pages={531--542},
  year={2014},
}

@misc{rio_page,
 title = "{Rio Project Homepage (including a video demo)}",
 howpublished = "\url{http://www.ruf.rice.edu/~mobile/rio.html}",
}

@misc{k2,
 title = "{K2 Project Homepage}",
 howpublished = "\url{http://www.k2os.org}",
}
%%% 2015


@inproceedings{xu2015asplos,
  title={Automated {OS}-level device runtime power management},
  author={Chao Xu and Xiaozhu Lin and Yuyang Wang and Lin Zhong},
  booktitle=ASPLOS,
  year={2015},
}
%%%%%%%% Theses

@mastersthesis{shepard2012msthesis,
  author={C.~Shepard},
  title={Argos: Practical Base Stations with Large-scale Multi-user Beamforming},
  school={Rice University},
  year={2012},
  month={April},
  note={Available at: \url{clay.rice.edu/pubs/MasterThesis.pdf}},
}
